@BOOK{handbook,
  AUTHOR = "Alfred J. Menezes, Paul C. van Oorschot et Scott A. Vanstone",
  TITLE = "Handbook of Applied Cryptography",
  URL = "http://math.fau.edu/bkhadka/Syllabi/A%20handbook%20of%20applied%20cryptography.pdf",
  PUBLISHER = "CRC Press",
  YEAR = "2001"
}

@TECHREPORT{pollard1,
  AUTHOR = "Jung Hee Cheon, Jin Hong et Minkyu Kim",
  TITLE = "Speeding Up the Pollard Rho Method on Prime Fields",
  URL = "http://www.math.snu.ac.kr/~jhcheon/publications/2008/TTDLP_A08_CheonHongKim.pdf",
  INSTITUTION = "ISaC and Department of Mathematical Sciences, Seoul National University",
  YEAR = "2008"
}

@TECHREPORT{pollard2,
  AUTHOR = "Edlyn Teske",
  TITLE = "Speeding Up Pollard's Rho Method for Computing Discrete Logarithms",
  URL = "http://citeseerx.ist.psu.edu/viewdoc/download?doi=10.1.1.36.9419&rep=rep1&type=pdf",
  INSTITUTION = "Institut für Theoretische Informatik, Technische Universität Darmstadt"
}